@article{Angel2010,
  title = {Ten compactness properties of circles: measuring shape in geography},
  author = {Angel, S. and Parent, J. and Civco, D.L.},
  year = {2010},
  journal = {Canadian Geographies / G{\'e}ographies canadiennes},
  volume = {54},
  number = {4},
  pages = {441--461},
  doi = {10.1111/j.1541-0064.2009.00304.x}
}

@article{Basaraner2017,
  title = {Performance of shape indices and classification schemes for characterising perceptual shape complexity of building footprints in GIS},
  author = {Basaraner, M. and Cetinkaya, S.},
  year = {2017},
  journal = {International Journal of Geographical Information Science},
  volume = {31},
  number = {10},
  pages = {1952--1977},
  doi = {10.1080/13658816.2017.1346257}
}

@article{Chi2016,
  title = {Big Data for Remote Sensing: Challenges and Opportunities},
  author = {Chi, M. and Plaza, A. and Benediktsson, J.A. and Sun, Z. and Shen, J. and Zhu, Y.},
  year = {2016},
  journal = {Proceedings of the IEEE},
  volume = {104},
  number = {11},
  pages = {2207--2219},
  doi = {10.1109/JPROC.2016.2598228}
}

@incollection{Claramunt2012,
  title = {Towards a spatio-temporal form of entropy},
  booktitle = {Advances in Conceptual Modeling},
  author = {Claramunt, C.},
  year = {2012},
  volume = {7518},
  pages = {221--230},
  publisher = {Springer Berlin Heidelberg},
  address = {Berlin, Heidelberg},
  doi = {10.1007/978-3-642-33999-8_28}
}

@article{Costanza2019,
  title = {Describing and analyzing landscape patterns: where are we now, and where are we going?},
  author = {Costanza, J.K. and Riitters, K. and Vogt, P. and Wickham, J.},
  year = {2019},
  journal = {Landscape Ecology},
  volume = {34},
  number = {9},
  pages = {2049--2055},
  doi = {10.1007/s10980-019-00889-6}
}

@article{Cushman2015,
  title = {Thermodynamics in landscape ecology: the importance of integrating measurement and modeling of landscape entropy},
  author = {Cushman, S.A.},
  year = {2015},
  journal = {Landscape Ecology},
  volume = {30},
  number = {1},
  pages = {7--10},
  doi = {10.1007/s10980-014-0108-x}
}

@article{Cushman2016,
  title = {Calculating the configurational entropy of a landscape mosaic},
  author = {Cushman, S.A.},
  year = {2016},
  journal = {Landscape Ecology},
  volume = {31},
  number = {3},
  pages = {481--489},
  doi = {10.1007/s10980-015-0305-2}
}

@article{Cushman2021,
  title = {Entropy in Landscape Ecology: A Quantitative Textual Multivariate Review},
  author = {Cushman, S.A.},
  year = {2021},
  journal = {Entropy},
  volume = {23},
  number = {11},
  pages = {1425},
  doi = {10.3390/e23111425}
}

@article{Cushman2021a,
  title = {Generalizing Boltzmann configurational entropy to surfaces, point patterns and landscape mosaics},
  author = {Cushman, S.A.},
  year = {2021},
  journal = {Entropy},
  volume = {23},
  number = {12},
  pages = {1616},
  doi = {10.3390/e23121616}
}

@book{Dale1999,
  title = {Spatial Pattern Analysis in Plant Ecology},
  author = {Dale, M.R.T.},
  year = {1999},
  edition = {1},
  publisher = {Cambridge University Press},
  doi = {10.1017/CBO9780511612589}
}

@article{Duncan2023,
  title = {Monitoring spatial patterns of urban vegetation: A comparison of contemporary high-resolution datasets},
  author = {Duncan, J.M.A. and Boruff, B.},
  year = {2023},
  journal = {Landscape and Urban Planning},
  volume = {233},
  pages = {104671},
  doi = {10.1016/j.landurbplan.2022.104671}
}

@article{Etherington2015,
  title = {NLMpy: a python software package for the creation of neutral landscape models within a general numerical framework},
  author = {Etherington, T.R. and Holland, E.P. and O'Sullivan, D.},
  year = {2015},
  journal = {Methods in Ecology and Evolution},
  volume = {6},
  number = {2},
  pages = {164--168},
  doi = {10.1111/2041-210X.12308}
}

@article{Etherington2022,
  title = {Perlin noise as a hierarchical neutral landscape model},
  author = {Etherington, T.R.},
  year = {2022},
  journal = {Web Ecology},
  volume = {22},
  pages = {1--6},
  doi = {10.5194/we-22-1-2022}
}

@article{Etherington2022a,
  title = {Binary space partitioning generates hierarchical and rectilinear neutral landscape models suitable for human-dominated landscapes},
  author = {Etherington, T.R. and Morgan, F.J. and O'Sullivan, D.},
  year = {2022},
  journal = {Landscape Ecology},
  volume = {37},
  number = {7},
  pages = {1761--1769},
  doi = {10.1007/s10980-022-01452-6}
}

@book{Forman1995,
  title = {Land mosaics: The ecology of landscapes and regions},
  author = {Forman, R.T.T.},
  year = {1995},
  publisher = {Cambridge University Press},
  address = {Cambridge, UK}
}

@book{Forman1986,
  title = {Landscape ecology},
  author = {Forman, R.T.T. and Godron, M.},
  year = {1986},
  publisher = {Wiley \& Sons},
  address = {Chichester, UK}
}

@article{Gao2019,
  title = {Computation of the Boltzmann entropy of a landscape: a review and a generalization},
  author = {Gao, P. and Li, Z.},
  year = {2019},
  journal = {Landscape Ecology},
  volume = {34},
  number = {9},
  pages = {2183--2196},
  doi = {10.1007/s10980-019-00814-x}
}

@article{Gao2017,
  title = {A hierarchy-based solution to calculate the configurational entropy of landscape gradients},
  author = {Gao, P. and Zhang, H. and Li, Z.},
  year = {2017},
  journal = {Landscape Ecology},
  doi = {10.1007/s10980-017-0515-x}
}

@book{Gergel2017,
  title = {Learning landscape ecology},
  editor = {Gergel, S.E. and Turner, M.G.},
  year = {2017},
  publisher = {Springer New York},
  address = {New York, NY},
  doi = {10.1007/978-1-4939-6374-4}
}

@article{Grimm1996,
  title = {Pattern-oriented modelling in population ecology},
  author = {Grimm, V. and Frank, K. and Jeltsch, F. and Brandl, R. and Uchanski, J. and Wissel, C.},
  year = {1996},
  journal = {The Science of the Total Environment},
  volume = {183},
  pages = {151--166},
  doi = {10.1016/0048-9697(95)04966-5}
}

@article{Huckeba2023,
  title = {Multi-scale spatial ecology analyses: a Kullback information approach},
  author = {Huckeba, G. and Andresen, B. and Roach, T.N.F.},
  year = {2023},
  journal = {Landscape Ecology},
  volume = {38},
  number = {3},
  pages = {645--657},
  doi = {10.1007/s10980-022-01514-9}
}

@article{Jaric2020,
  title = {iEcology: Harnessing Large Online Resources to Generate Ecological Insights},
  author = {Jari{\'c}, I. and Correia, R.A. and Brook, B.W. and Buettel, J.C. and Courchamp, F. and Di Minin, E. and Firth, J.A. and Gaston, K.J. and Jepson, P. and Kalinkat, G. and Ladle, R. and {Soriano-Redondo}, A. and Souza, A.T. and Roll, U.},
  year = {2020},
  journal = {Trends in Ecology \& Evolution},
  volume = {35},
  number = {7},
  pages = {630--639},
  doi = {10.1016/j.tree.2020.03.003}
}

@article{Jasiewicz2015,
  title = {GeoPAT: a toolbox for pattern-based information retrieval from large geospatial databases},
  author = {Jasiewicz, J. and Netzel, P. and Stepinski, T.},
  year = {2015},
  journal = {Computers \& Geosciences},
  volume = {80},
  pages = {62--73},
  doi = {10.1016/j.cageo.2015.04.002}
}

@article{Jasiewicz2014,
  title = {Landscape similarity, retrieval, and machine mapping of physiographic units},
  author = {Jasiewicz, J. and Netzel, P. and Stepinski, T.F.},
  year = {2014},
  journal = {Geomorphology},
  volume = {221},
  pages = {104--112},
  doi = {10.1016/j.geomorph.2014.06.011}
}

@article{Konrad2023,
  title = {Adapting a multiscale approach to assess the compositional diversity of landscapes},
  author = {Konr{\'a}d, K.D. and {Bede-Fazekas}, A. and Bartha, S. and Somodi, I.},
  year = {2023},
  journal = {Landscape Ecology},
  volume = {38},
  number = {11},
  pages = {2731--2747},
  doi = {10.1007/s10980-023-01759-y}
}

@article{Li2004,
  title = {Evaluating the effectiveness of neutral landscape models to represent a real landscape},
  author = {Li, X. and He, H.S. and Wang, X. and Bu, R. and Hu, Y. and Chang, Y.},
  year = {2004},
  journal = {Landscape and Urban Planning},
  volume = {69},
  number = {1},
  pages = {137--148},
  doi = {10.1016/j.landurbplan.2003.10.037}
}

@article{Maceachren1985,
  title = {Compactness of Geographic Shape: Comparison and Evaluation of Measures},
  author = {Maceachren, A.M.},
  year = {1985},
  journal = {Geografiska Annaler: Series B, Human Geography},
  volume = {67},
  number = {1},
  pages = {53--67},
  doi = {10.1080/04353684.1985.11879515}
}

@article{Nathan2022,
  title = {Big-data approaches lead to an increased understanding of the ecology of animal movement},
  author = {Nathan, R. and Monk, C.T. and Arlinghaus, R. and Adam, T. and Al{\'o}s, J. and Assaf, M. and Baktoft, H. and Beardsworth, C.E. and Bertram, M.G. and Bijleveld, A.I. and Brodin, T. and Brooks, J.L. and {Campos-Candela}, A. and Cooke, S.J. and Gjelland, K.{\O}. and Gupte, P.R. and Harel, R. and Hellstr{\"o}m, G. and Jeltsch, F. and Killen, S.S. and Klefoth, T. and Langrock, R. and Lennox, R.J. and Lourie, E. and Madden, J.R. and Orchan, Y. and Pauwels, I.S. and {\v R}{\'i}ha, M. and Roeleke, M. and Schl{\"a}gel, U.E. and Shohami, D. and Signer, J. and Toledo, S. and Vilk, O. and Westrelin, S. and Whiteside, M.A. and Jari{\'c}, I.},
  year = {2022},
  month = feb,
  journal = {Science},
  volume = {375},
  number = {6582},
  pages = {eabg1780},
  doi = {10.1126/science.abg1780}
}

@article{Nedd2021,
  title = {A Synthesis of Land Use/Land Cover Studies: Definitions, Classification Systems, Meta-Studies, Challenges and Knowledge Gaps on a Global Landscape},
  author = {Nedd, R. and Light, K. and Owens, M. and James, N. and Johnson, E. and Anandhi, A.},
  year = {2021},
  journal = {Land},
  volume = {10},
  number = {9},
  pages = {994},
  doi = {10.3390/land10090994}
}

@article{Newman2019,
  title = {Scaling and complexity in landscape ecology},
  author = {Newman, E.A. and Kennedy, M.C. and Falk, D.A. and McKenzie, D.},
  year = {2019},
  journal = {Frontiers in Ecology and Evolution},
  volume = {7},
  pages = {293},
  doi = {10.3389/fevo.2019.00293},
}

@article{Nowosad2021a,
  title = {Motif: an open-source R tool for pattern-based spatial analysis},
  author = {Nowosad, J.},
  year = {2021},
  journal = {Landscape Ecology},
  volume = {36},
  number = {1},
  pages = {29--43},
  doi = {10.1007/s10980-020-01135-0}
}

@article{Nowosad2019a,
  title = {Information theory as a consistent framework for quantification and classification of landscape patterns},
  author = {Nowosad, J. and Stepinski, T.F.},
  year = {2019},
  journal = {Landscape Ecology},
  volume = {34},
  number = {9},
  pages = {2091--2101},
  doi = {10.1007/s10980-019-00830-x}
}

@article{Nowosad2021b,
  title = {Pattern-based identification and mapping of landscape types using multi-thematic data},
  author = {Nowosad, J. and Stepinski, T.F.},
  year = {2021},
  journal = {International Journal of Geographical Information Science},
  volume = {35},
  number = {8},
  pages = {1634--1649},
  doi = {10.1080/13658816.2021.1893324}
}

@article{Pascual2005,
  title = {Computational ecology: from the complex to the simple and back},
  author = {Pascual, M.},
  year = {2005},
  journal = {PLoS Computional Biology},
  volume = {1},
  number = {2},
  pages = {e18},
  doi = {10.1371/journal.pcbi.0010018}
}

@article{Peck2004,
  title = {Simulation as experiment: a philosophical reassessment for biological modeling},
  author = {Peck, S.L.},
  year = {2004},
  journal = {Trends in Ecology \& Evolution},
  volume = {19},
  number = {10},
  pages = {530--534},
  doi = {10.1016/j.tree.2004.07.019}
}

@article{Petrovskii2012,
  title = {Computational ecology as an emerging science},
  author = {Petrovskii, S. and Petrovskaya, N.},
  year = {2012},
  journal = {Interface Focus},
  volume = {2},
  number = {2},
  pages = {241--254},
  doi = {10.1098/rsfs.2011.0083}
}

@article{Poisot2019,
  title = {Data-based, synthesis-driven: Setting the agenda for computational ecology},
  shorttitle = {Data-based, synthesis-driven},
  author = {Poisot, T. and LaBrie, R. and Larson, E. and Rahlin, A. and Simmons, B.I.},
  year = {2019},
  journal = {Ideas in Ecology and Evolution},
  volume = {12},
  doi = {10.24908/iee.2019.12.2.e}
}

@article{Prlic2012,
  title = {Ten simple rules for the open development of scientific software},
  author = {Prli{\'c}, A. and Procter, J.B.},
  year = {2012},
  journal = {PLoS Computational Biology},
  volume = {8},
  number = {12},
  pages = {e1002802},
  doi = {10.1371/journal.pcbi.1002802}
}

@article{Rao1982,
  title = {Diversity and dissimilarity coefficients: a unified approach},
  author = {Rao, C.R.},
  year = {1982},
  journal = {Theoretical Population Biology},
  volume = {21},
  number = {1},
  pages = {24--43},
  doi = {10.1016/0040-5809(82)90004-1}
}

@article{Remmel2020,
  title = {Distributions of hyper-local configuration elements to characterize, compare, and assess landscape-level spatial patterns},
  author = {Remmel, T.K.},
  year = {2020},
  journal = {Entropy},
  volume = {22},
  number = {4},
  pages = {420},
  doi = {10.3390/e22040420}
}

@inproceedings{Renyi1961,
  title = {On measures of entropy and information},
  booktitle = {Proceedings of the fourth Berkeley symposium on mathematical statistics and probability, volume 1: contributions to the theory of statistics},
  author = {R{\'e}nyi, Alfr{\'e}d},
  year = {1961},
  volume = {4},
  pages = {547--562},
  publisher = {University of California Press}
}

@article{Risser1984,
  title = {Landscape ecology: Directions and approaches},
  author = {Risser, P.G. and Karr, J.R. and Forman, R.T.T.},
  year = {1984},
  journal = {Illinois Natural History Survery Special Publication},
  volume = {2},
  pages = {7--14}
}

@article{Rocchini2017,
  title = {Measuring Rao's Q diversity index from remote sensing: An open source solution},
  author = {Rocchini, D. and Marcantonio, M. and Ricotta, C.},
  year = {2017},
  journal = {Ecological Indicators},
  volume = {72},
  pages = {234--238},
  doi = {10.1016/j.ecolind.2016.07.039}
}

@article{Schroder2006,
  title = {Analysis of pattern--process interactions based on landscape models - overview, general concepts, and methodological issues},
  author = {Schr{\"o}der, B. and Seppelt, R.},
  year = {2006},
  journal = {Ecological Modelling},
  volume = {199},
  number = {4},
  pages = {505--516},
  doi = {10.1016/j.ecolmodel.2006.05.036},
}

@article{Sciaini2018,
  title = {NLMR and landscapetools: An integrated environment for simulating and modifying neutral landscape models in R},
  author = {Sciaini, M. and Fritsch, M. and Scherer, C. and Simpkins, C.E.},
  year = {2018},
  journal = {Methods in Ecology and Evolution},
  volume = {9},
  number = {11},
  pages = {2240--2248},
  doi = {10.1111/2041-210X.13076}
}

@article{Shannon1948,
  title = {A mathematical theory of communication},
  author = {Shannon, C.E.},
  year = {1948},
  journal = {Bell System Technical Journal},
  volume = {27},
  number = {3},
  pages = {379--423},
  doi = {10.1002/j.1538-7305.1948.tb01338.x}
}

@article{Stepinski2022,
  title = {Curb your enthusiasm for explaining the complexity of landscape configurations in terms of thermodynamics},
  author = {Stepinski, T.F.},
  year = {2022},
  journal = {Landscape Ecology},
  volume = {37},
  number = {11},
  pages = {2735--2741},
  doi = {10.1007/s10980-022-01513-w}
}

@article{Synes2016,
  title = {Emerging opportunities for landscape ecological modelling},
  author = {Synes, N.W. and Brown, C. and Watts, K. and White, S.M. and Gilbert, M.A. and Travis, J.M.J.},
  year = {2016},
  journal = {Current Landscape Ecology Reports},
  volume = {1},
  pages = {146--167}
}

@article{Turner1989,
  title = {Landscape ecology: The effect of pattern on process},
  author = {Turner, M.G.},
  year = {1989},
  journal = {Annual Review of Ecology and Systematics},
  volume = {20},
  number = {1},
  pages = {171--197},
  doi = {10.1146/annurev.es.20.110189.001131}
}

@article{Turner1990,
  title = {Spatial and temporal analysis of landscape patterns},
  author = {Turner, M.G.},
  year = {1990},
  journal = {Landscape Ecology},
  volume = {4},
  number = {1},
  pages = {21--30},
  doi = {10.1007/BF02573948}
}

@article{Turner2005,
  title = {Landscape ecology: What is the state of the science?},
  author = {Turner, M.G.},
  year = {2005},
  journal = {Annual Review of Ecology, Evolution, and Systematics},
  volume = {36},
  number = {1},
  pages = {319--344},
  doi = {10.1146/annurev.ecolsys.36.102003.152614}
}

@book{Turner2015,
  title = {Landscape ecology in theory and practice: pattern and process},
  shorttitle = {Landscape ecology in theory and practice},
  author = {Turner, M.G. and Gardner, R.H.},
  year = {2015},
  edition = {2nd edition},
  publisher = {Springer},
  address = {New York},
  isbn = {978-1-4939-2794-4}
}

@article{vonKrogh2006,
  title = {The promise of research on open source software},
  author = {{von Krogh}, G. and {von Hippel}, E.},
  year = {2006},
  journal = {Management Science},
  volume = {52},
  number = {7},
  pages = {975--983},
  doi = {10.1287/mnsc.1060.0560}
}

@article{Vranken2015,
  title = {A review on the use of entropy in landscape ecology: heterogeneity, unpredictability, scale dependence and their links with thermodynamics},
  author = {Vranken, I. and Baudry, J. and Aubinet, M. and Visser, M. and Bogaert, J.},
  year = {2015},
  journal = {Landscape Ecology},
  volume = {30},
  number = {1},
  pages = {51--65},
  doi = {10.1007/s10980-014-0105-0}
}

@article{Wang2008,
  title = {Neutral landscapes: bases for exploration in landscape ecology},
  author = {Wang, Q. and Malanson, G.P.},
  year = {2008},
  journal = {Geography Compass},
  volume = {2},
  pages = {319--339},
  doi = {10.1111/j.1749-8198.2008.00090.x}
}

@article{Wickham1994,
  title = {Mapping and analyzing landscape patterns},
  author = {Wickham, J.D. and Norton, D.J.},
  year = {1994},
  journal = {Landscape Ecology},
  volume = {9},
  number = {1},
  pages = {7--23},
  doi = {10.1007/BF00135075}
}

@article{Wiegand2003,
  title = {Using pattern-oriented modeling for revealing hidden information: A key for reconciling ecological theory and application},
  author = {Wiegand, T. and Jeltsch, F. and Hanski, I. and Grimm, V.},
  year = {2003},
  journal = {Oikos},
  volume = {100},
  number = {2},
  pages = {209--222},
  doi = {10.1034/j.1600-0706.2003.12027.x}
}

@incollection{Wiens1997,
  title = {Metapopulation dynamics and landscape ecology},
  booktitle = {Metapopulation Biology},
  author = {Wiens, J.A.},
  year = {1997},
  pages = {43--62},
  publisher = {Elsevier},
  doi = {10.1016/B978-012323445-2/50005-5}
}

@article{Wiersma2022,
  title = {A review of landscape ecology experiments to understand ecological processes},
  author = {Wiersma, Y.F.},
  year = {2022},
  journal = {Ecological Processes},
  volume = {11},
  number = {1},
  pages = {57},
  doi = {10.1186/s13717-022-00401-0}
}

@article{Wilson2014,
  title = {Best practices for scientific computing},
  author = {Wilson, G. and Aruliah, D.A. and Brown, C.T. and Chue Hong, N.P. and Davis, M. and Guy, R.T. and Haddock, S.H.D. and Huff, K.D. and Mitchell, I.M. and Plumbley, M.D. and Waugh, B. and White, E.P. and Wilson, P.},
  year = {2014},
  journal = {PLoS Biology},
  volume = {12},
  number = {1},
  pages = {e1001745},
  doi = {10.1371/journal.pbio.1001745}
}

@book{With2019,
  title = {Essentials of landscape ecology},
  author = {With, K.A.},
  year = {2019},
  edition = {1},
  publisher = {Oxford University Press},
  address = {Oxford, UK}
}

@article{Wu2013,
  title = {Key concepts and research topics in landscape ecology revisited: 30 years after the Allerton Park workshop},
  author = {Wu, J.},
  year = {2013},
  journal = {Landscape Ecology},
  volume = {28},
  number = {1},
  pages = {1--11},
  doi = {10.1007/s10980-012-9836-y}
}

@article{Wu2002,
  title = {Key issues and research priorities in landscape ecology: an idiosyncratic synthesis},
  author = {Wu, J. and Hobbs, R.},
  year = {2002},
  journal = {Landscape Ecology},
  volume = {17},
  number = {4},
  pages = {355--365},
  doi = {10.1023/A:1020561630963}
}

@article{Wuest2020,
  title = {Macroecology in the age of Big Data -- Where to go from here?},
  author = {W{\"u}est, R.O. and Zimmermann, N.E. and Zurell, D. and Alexander, J.M. and Fritz, S.A. and Hof, C. and Kreft, H. and Normand, S. and Cabral, J.S. and Szekely, E. and Thuiller, W. and Wikelski, M. and Karger, D.N.},
  year = {2020},
  month = jan,
  journal = {Journal of Biogeography},
  volume = {47},
  number = {1},
  pages = {1--12},
  doi = {10.1111/jbi.13633}
}

@article{Yao2022,
  title = {VecLI: a framework for calculating vector landscape indices considering landscape fragmentation},
  shorttitle = {VecLI},
  author = {Yao, Y. and Cheng, T. and Sun, Z. and Li, L. and Chen, D. and Chen, Z. and Wei, J. and Guan, Q.},
  year = {2022},
  journal = {Environmental Modelling and Software},
  volume = {149},
  pages = {105325},
  doi = {10.1016/j.envsoft.2022.105325}
}

@article{Zhang2020,
  title = {Calculating the Wasserstein metric-based Boltzmann entropy of a landscape mosaic},
  author = {Zhang, H. and Wu, Z. and Lan, T. and Chen, Y. and Gao, P.},
  year = {2020},
  journal = {Entropy},
  volume = {22},
  number = {4},
  pages = {381},
  doi = {10.3390/e22040381}
}

@article{Zhao2019,
  title = {Calculating spatial configurational entropy of a landscape mosaic based on the Wasserstein metric},
  author = {Zhao, Y. and Zhang, X.},
  year = {2019},
  journal = {Landscape Ecology},
  volume = {34},
  number = {8},
  pages = {1849--1858},
  issn = {0921-2973, 1572-9761},
  doi = {10.1007/s10980-019-00876-x}
}
