@article{Turner1989,
	title = {Landscape ecology: The effect of pattern on process},
	volume = {20},
	doi = {10.1146/annurev.es.20.110189.001131},
	pages = {171--197},
	number = {1},
	journaltitle = {Annual Review of Ecology and Systematics},
	author = {Turner, M.G.},
	date = {1989}
}

@book{With2019,
	location = {Oxford, {UK}},
	edition = {1},
	title = {Essentials of landscape ecology},
	pagetotal = {656},
	publisher = {Oxford University Press},
	author = {With, K.A.},
	date = {2019}
}
